<?xml version="1.0" encoding="UTF-8"?><record xmlns="http://www.loc.gov/MARC21/slim" xmlns:cinclude="http://apache.org/cocoon/include/1.0" xmlns:zs="http://www.loc.gov/zing/srw/">
  <leader>01138nz  a2200169n  4500</leader>
  <controlfield tag="001">n  00084390 </controlfield>
  <controlfield tag="003">DLC</controlfield>
  <controlfield tag="005">20000211134115.0</controlfield>
  <controlfield tag="008">000211n| acannaabn          |a ana      </controlfield>
  <datafield tag="010" ind1=" " ind2=" ">
    <subfield code="a">n  00084390 </subfield>
  </datafield>
  <datafield tag="040" ind1=" " ind2=" ">
    <subfield code="a">DLC</subfield>
    <subfield code="b">eng</subfield>
    <subfield code="c">DLC</subfield>
  </datafield>
  <datafield tag="110" ind1="2" ind2=" ">
    <subfield code="a">Šv. Mikalojaus vyskupo bažnyčia (Trakai, Lithuania)</subfield>
  </datafield>
  <datafield tag="410" ind1="2" ind2=" ">
    <subfield code="a">Švento Mikalojaus vyskupo bažnyčia (Trakai, Lithuania)</subfield>
  </datafield>
  <datafield tag="410" ind1="2" ind2=" ">
    <subfield code="a">Šv. Mikalojaus bažnyčia (Trakai, Lithuania)</subfield>
  </datafield>
  <datafield tag="410" ind1="2" ind2=" ">
    <subfield code="a">St. Michael's Episcopal Church (Trakai, Lithuania)</subfield>
  </datafield>
  <datafield tag="410" ind1="2" ind2=" ">
    <subfield code="a">St. Michael's Church (Trakai, Lithuania)</subfield>
  </datafield>
  <datafield tag="670" ind1=" " ind2=" ">
    <subfield code="a">Mikulionis, Stasys. Trakų Šv. Mikalojaus Vyskupo bažnyčios ir bernardinų vienuolyno statybos istorija, 1993:</subfield>
    <subfield code="b">t.p. (Trakų Šv. Mikalojaus Vyskupo bažnyčios) p. 12 (Sv. Mikalojaus bažnyčia, a stone church; built by Goštautas between end of 15th cent. and 1617; between 1845 and WWI, the church bldg. is destroyed and in ruins, efforts were made at reconstruction; from WWI to 1993, the ruins deteriorate) p. 86 (St. Michael's Episcopal Church; the church belongs to the catholics, unfortunately the word "bishop" (vyskupo) is translated as Episcopal)</subfield>
  </datafield>
</record>